<?xml version="1.0" encoding="UTF-8"?><collection xmlns="http://www.loc.gov/MARC21/slim"><record><leader>00483nam--2200181-u-4500</leader><controlfield tag="001">000056824</controlfield><controlfield tag="002">20191031</controlfield><controlfield tag="005">20191031044050</controlfield><controlfield tag="008">191031s1000------------r-----000-0-eng-d</controlfield><datafield ind1=" " ind2=" " tag="041"><subfield code="a">FRA</subfield></datafield><datafield ind1="1" ind2=" " tag="100"><subfield code="a">Landau L</subfield></datafield><datafield ind1="1" ind2="0" tag="245"><subfield code="a">MECANIQUE QUANTIQUE,THEORIE NON RELATIVISTE</subfield><subfield code="c">L. LANDAUET ET E.LIFCHITZ</subfield></datafield><datafield ind1=" " ind2=" " tag="260"><subfield code="a">MOSCOU</subfield><subfield code="b">EDITIONS MIR</subfield><subfield code="c">1967</subfield></datafield><datafield ind1=" " ind2=" " tag="300"><subfield code="a">718 P</subfield></datafield><datafield ind1=" " ind2=" " tag="500"><subfield code="a">DONATIE GHEORGHE DINESCU</subfield></datafield><datafield ind1="1" ind2=" " tag="700"><subfield code="a">Lifchitz, E</subfield></datafield><datafield ind1=" " ind2=" " tag="852"><subfield code="a">82716</subfield><subfield code="c">530.14</subfield></datafield><datafield ind1=" " ind2=" " tag="CAT"><subfield code="a">SYS</subfield><subfield code="c">20191031</subfield><subfield code="h">044050</subfield></datafield></record></collection>